\bibliography{CahierdesChargesv2}
@Misc{cbmn:url,
howpublished = {\url{http://www.cbmn.u-bordeaux.fr}},
author = {Université de Bordeaux},
title = {Chimie et Biologie des Membranes et Nanoobjets - UMR 5248},
}

@Misc{imagej:url,
howpublished = {\url{http://www.rsbweb.nih.gov/ij/}},
author = {National Institute of Health},
title = {National Institute of Health - site internet d'ImageJ},
}

@Misc{java:url,
howpublished = {\url{http://www.oracle.com/technetwork/java/index.html}},
author = {Oracle},
title = {Java - langage de programmation Orienté-Objet},
}

@Misc{javascript:url,
howpublished = {\url{http://en.wikipedia.org/wiki/Javascript}},
author = {Wikipedia},
title = {Définition du  langage orienté objet Javascript},
}

@Misc{ijprocons:url,
howpublished = {\url{http://www.rsbweb.nih.gov/ij/developer/javascript.html#pros-cons}},
author = {National Institute of Health},
title = {NIH - Site internet d'ImageJ - page pour les développeurs},
}

@Article{PdetectEHT:article,
title = {Automatic Particle Detection Through Efficient Hough Transforms},
author = {Zhu, Yuanxin and Carragher, Bridget and Mouche, Fabrice and Potter, Clinton S.},
journal = {IEEE Transactions on Medical Imaging},
volume* = {volume 22},
year = {2003},
month = {Sept.}
}

@Misc{HT:url,
howpublished = {\url{http://en.wikipedia.org/wiki/Hough_transform}},
author = {Wikipedia},
title = {Définition et description de la Transformée de Hough},
}

@Misc{GHT:url,
howpublished = {\url{http://en.wikipedia.org/wiki/Generalised_Hough_transform}},
author = {Wikipedia},
title = {Définition et description de la Transformée de Hough Généralisée},
}


@Misc{scripps:url,
howpublished = {\url{http://www.scripps.edu/}},
author = {The Scripps Research Institute},
title = {Site web du Scripps Institute},
}

@Article{DoGAff:article,
title = {Reference-free particle selection enhanced with semi-supervised machine learning for cryo-electron microscopy},
author = {Langlois, Robert and Pallesen, Jesper and Frank, Joachim},
journal = {Journal of Structural Biology},
volume* = {volume 175},
year = {2011},
month = {Jun.}
}

@Article{Perceptron:article,
title = {Review : Automatic Particle Detection in Electron Microscopy},
author = {V. Nicholson, William and Glaeser, Robert M.},
journal = {Journal of Structural Biology},
volume* = {volume 133},
year = {2001},
month = {Feb.}
}

@Misc{ijdm3:url,
howpublished = {\url{http://www.rsbweb.nih.gov/ij/plugins/DM3_Reader.html}},
author = {National Institute of Health},
title = {National Institute of Health - Site internet du DM3-Reader pour ImageJ},
}

@Misc{loci:url,
howpublished = {\url{http://loci.wisc.edu/software/bio-formats}},
author = {LOCI biophotonics research laboratory - University of Wisconsin-Madison},
title = {Site internet de LOCI pour les bio-formats},
}

@Misc{mvc:url,
howpublished = {\url{http://fr.wikipedia.org/wiki/Mod%C3%A8le-Vue-Contr%C3%B4leur}},
author = {Wikipedia},
title = {Architecture Modèle-Vue-Controleur},
}

@Misc{GPL:url,
howpublished = {\url{http://www.gnu.org/licenses/licenses.fr.html}},
author = {Free Software Foundation, Inc.},
title = {Description de la General Public Licence},
}

@Misc{jar:url,
howpublished = {\url{http://docs.oracle.com/javase/tutorial/deployment/jar/}},
author = {Oracle},
title = {Site internet d'Oracle pour les archives jar.},
}

@Misc{zip:url,
howpublished = {\url{http://www.pkware.com/support/zip-app-note}},
author = {PKWARE, Phil Katz.},
title = {Site internet de PKWARE pour les archives zip},
}
@Misc{stats:url,
howpublished = {\url{http://fr.wikipedia.org/wiki/Sensibilite_et_specificite}},
author = {Wikipedia},
title = {Définition et formules de la sensibilité et de la spécificité},
}